<?xml version="1.0" encoding="UTF-8"?><collection xmlns="http://www.loc.gov/MARC21/slim"><record><leader>00569nam--2200181-i-4500</leader><controlfield tag="001">000039808</controlfield><controlfield tag="002">20161230</controlfield><controlfield tag="005">20161230201042</controlfield><controlfield tag="008">060222s1000------------r-----000-0-fre-d</controlfield><datafield ind1=" " ind2=" " tag="040"><subfield code="a">IFIN-HH</subfield></datafield><datafield ind1=" " ind2=" " tag="041"><subfield code="a">fre</subfield></datafield><datafield ind1=" " ind2=" " tag="080"><subfield code="a">539.125.5.164.078(043)</subfield></datafield><datafield ind1="1" ind2=" " tag="100"><subfield code="a">Rotival, Michel</subfield></datafield><datafield ind1="1" ind2="0" tag="245"><subfield code="a">Application de la technique de spectrometrie de temps de vol a des milieux multiplicateurs rapides. etude critiques</subfield><subfield code="b">These</subfield><subfield code="c">Michel rotival</subfield></datafield><datafield ind1=" " ind2=" " tag="260"><subfield code="a">Lyon</subfield><subfield code="b">Universite Claude Bernard</subfield><subfield code="c">1974</subfield></datafield><datafield ind1=" " ind2=" " tag="300"><subfield code="a">135P.+/DIF.</subfield></datafield><datafield ind1=" " ind2=" " tag="852"><subfield code="a">44029</subfield><subfield code="c">539.12</subfield></datafield><datafield ind1=" " ind2=" " tag="CAT"><subfield code="a">Sys</subfield><subfield code="c">20111124</subfield><subfield code="h">165637</subfield></datafield></record></collection>